@inproceedings{deligiannis2015psharp,
 author={Deligiannis, Pantazis and Donaldson, Alastair F. and Ketema, Jeroen and Lal, Akash and Thomson, Paul},
 title={Asynchronous Programming, Analysis and Testing with State Machines},
 booktitle={Proceedings of the 36th {ACM} {SIGPLAN} Conference on Programming Language Design and Implementation},
 year={2015},
 pages={154--164},
 publisher={ACM}
} 

@inproceedings{desai2013p,
 author={Desai, Ankush and Gupta, Vivek and Jackson, Ethan K. and Qadeer, Shaz and Rajamani, Sriram K. and Zufferey, Damien},
 title={{P}: Safe Asynchronous Event-Driven Programming},
 booktitle={Proceedings of the 34th {ACM} {SIGPLAN} Conference on Programming Language Design and Implementation},
 year={2013},
 pages={321--332},
 publisher={ACM}
}

@inproceedings{andrews2004zing,
  author={Andrews, Tony and Qadeer, Shaz and Rajamani, Sriram K. and Rehof, Jakob and Xie, Yichen},
  title={{Zing}: A model checker for concurrent software},
  booktitle={Proceedings of the 16th International Conference on Computer Aided Verification},
  pages={484--487},
  year={2004},
  publisher={Springer}
}

@book{odersky2008programming,
  author={Odersky, Martin and Spoon, Lex and Venners, Bill},
  title={Programming in {Scala}},
  year={2008},
  publisher={Artima Inc}
}

@book{armstrong1996erlang,
 author={Virding, Robert and Wikstr\"{o}m, Claes and Williams, Mike},
 title={Concurrent Programming in {Erlang}},
 edition  ="2nd",
 year={1996},
 publisher={Prentice Hall International},
}

@article{newcombe2015aws,
 author={Newcombe, Chris and Rath, Tim and Zhang, Fan and Munteanu, Bogdan and Brooker, Marc and Deardeuff, Michael},
 title={How Amazon Web Services Uses Formal Methods},
 journal={{Communications of the ACM}},
 volume={58},
 number={4},
 year={2015},
 pages={66--73},
 numpages={8},
 publisher={ACM}
}

@article{lamport1994temporal,
  title={The temporal logic of actions},
  author={Lamport, Leslie},
  journal={{ACM Transactions on Programming Languages and Systems}},
  volume={16},
  number={3},
  pages={872--923},
  year={1994},
  publisher={ACM}
}

@inproceedings{chandra2007paxos,
  title={Paxos made live: an engineering perspective},
  author={Chandra, Tushar D and Griesemer, Robert and Redstone, Joshua},
  booktitle={{Proceedings of the 26th Annual ACM Symposium on Principles of Distributed Computing}},
  pages={398--407},
  year={2007},
  publisher={ACM}
}

@inproceedings{musuvathi2008finding,
  author={Musuvathi, Madanlal and Qadeer, Shaz and Ball, Thomas and Basler, Gerard and Nainar, Piramanayagam Arumuga and Neamtiu, Iulian},
  title={Finding and Reproducing {Heisenbugs} in Concurrent Programs},
  booktitle={Proceedings of the 8th USENIX Conference on Operating Systems Design and Implementation},
  pages={267--280},
  year={2008},
  publisher={USENIX}
}

@inproceedings{killian2007life,
  author={Killian, Charles and Anderson, James W and Jhala, Ranjit and Vahdat, Amin},
  title={Life, death, and the critical transition: Finding liveness bugs in systems code},
  booktitle={{Proceedings of the 4th USENIX Conference on Networked Systems Design \& Implementation}},
  pages={18--18},
  year={2007},
  publisher={USENIX}
}

@article{lamport1977proving,
  title={Proving the correctness of multiprocess programs},
  author={Lamport, Leslie},
  journal={IEEE Transactions on Software Engineering},
  volume={3},
  number={2},
  pages={125--143},
  year={1977},
  publisher={IEEE}
}

@article{schuppan2004efficient,
  title={Efficient reduction of finite state model checking to reachability analysis},
  author={Schuppan, Viktor and Biere, Armin},
  journal={{International Journal on Software Tools for Technology Transfer}},
  volume={5},
  number={2-3},
  pages={185--204},
  year={2004},
  publisher={Springer}
}

@inproceedings{musuvathi2008fair,
 author={Musuvathi, Madanlal and Qadeer, Shaz},
 title={Fair Stateless Model Checking},
 booktitle={{Proceedings of the 29th ACM SIGPLAN Conference on Programming Language Design and Implementation}},
 year={2008},
 pages={362--371},
 publisher={ACM}
}

@article{lamport1978time,
  title={Time, clocks, and the ordering of events in a distributed system},
  author={Lamport, Leslie},
  journal={{Communications of the ACM}},
  volume={21},
  number={7},
  pages={558--565},
  year={1978},
  publisher={ACM}
}

@article{maddox2015test,
  title={Testing a Distributed System},
  author={Maddox, Philip},
  journal={ACM Queue},
  volume={13},
  number={7},
  pages={10--15},
  year={2015},
  publisher={ACM}
}

@article{cavage2013there,
  title={There's just no getting around it: you're building a distributed system},
  author={Cavage, Mark},
  journal={{ACM Queue}},
  volume={11},
  number={4},
  pages={30--41},
  year={2013},
  publisher={ACM}
}

@inproceedings{gray1986computers,
  title={Why do computers stop and what can be done about it?},
  author={Gray, Jim},
  booktitle={{Proceedings of the 5th Symposium on Reliability in Distributed Software and Database Systems}},
  pages={3--12},
  year={1986},
  publisher={IEEE}
}

@inproceedings{yang2009modist,
 title={{MODIST}: Transparent Model Checking of Unmodified Distributed Systems},
 author={Yang, Junfeng and Chen, Tisheng and Wu, Ming and Xu, Zhilei and Liu, Xuezheng and Lin, Haoxiang and Yang, Mao and Long, Fan and Zhang, Lintao and Zhou, Lidong},
 booktitle={{Proceedings of the 6th USENIX Symposium on Networked Systems Design and Implementation}},
 year={2009},
 pages={213--228},
 publisher={USENIX}
}

@inproceedings{leijen2009tpl,
 author={Leijen, Daan and Schulte, Wolfram and Burckhardt, Sebastian},
 title={The Design of a Task Parallel Library},
 booktitle={{Proceedings of the 24th ACM SIGPLAN Conference on Object Oriented Programming Systems Languages and Applications}},
 year={2009},
 pages={227--242},
 publisher={ACM}
}

@inproceedings{wilcox2015verdi,
 author={Wilcox, James R. and Woos, Doug and Panchekha, Pavel and Tatlock, Zachary and Wang, Xi and Ernst, Michael D. and Anderson, Thomas},
 title={Verdi: A Framework for Implementing and Formally Verifying Distributed Systems},
 booktitle={{Proceedings of the 36th ACM SIGPLAN Conference on Programming Language Design and Implementation}},
 year={2015},
 pages={357--368},
 publisher={ACM}
}

@inproceedings{thomson2014sct,
 author={Thomson, Paul and Donaldson, Alastair F. and Betts, Adam},
 title={Concurrency Testing Using Schedule Bounding: An Empirical Study},
 booktitle={{Proceedings of the 19th ACM SIGPLAN Symposium on Principles and Practice of Parallel Programming}},
 year={2014},
 pages={15--28},
 publisher={ACM}
}

@article{laguna2015debugging,
 author={Laguna, Ignacio and Ahn, Dong H. and de Supinski, Bronis R. and Gamblin, Todd and Lee, Gregory L. and Schulz, Martin and Bagchi, Saurabh and Kulkarni, Milind and Zhou, Bowen and Chen, Zhezhe and Qin, Feng},
 title={Debugging High-performance Computing Applications at Massive Scales},
 journal={{Communications of the ACM}},
 volume={58},
 number={9},
 year={2015},
 pages={72--81},
 publisher={ACM}
}

@inproceedings{liu2008d3s,
 author={Liu, Xuezheng and Guo, Zhenyu and Wang, Xi and Chen, Feibo and Lian, Xiaochen and Tang, Jian and Wu, Ming and Kaashoek, M. Frans and Zhang, Zheng},
 title={{D3S}: Debugging Deployed Distributed Systems},
 booktitle={{Proceedings of the 5th USENIX Symposium on Networked Systems Design and Implementation}},
 year={2008},
 pages={423--437},
 publisher={USENIX}
}

@inproceedings{godefroid1997verisoft,
 author={Godefroid, Patrice},
 title={Model Checking for Programming Languages Using {VeriSoft}},
 booktitle={Proceedings of the 24th ACM Symposium on Principles of Programming Languages},
 pages={174--186},
 year={1997},
 publisher={ACM}
}

@inproceedings{emmi2011delay,
  author={Emmi, Michael and Qadeer, Shaz and Rakamari\'{c}, Zvonimir},
  title={Delay-bounded Scheduling},
  booktitle={Proceedings of the 38th Annual ACM SIGPLAN-SIGACT Symposium on Principles of Programming Languages},
  pages={411--422},
  year={2011},
  publisher={ACM}
}

@inproceedings{DesaiQS15,
  author   ={Ankush Desai and
               Shaz Qadeer and
               Sanjit A. Seshia},
  title    ={Systematic testing of asynchronous reactive systems},
  booktitle={Proceedings of the 2015 10th Joint Meeting on Foundations of Software Engineering},
  pages    ={73--83},
  year     ={2015}
}

@article{tassey2002economic,
  author={Tassey, Gregory},
  title={The economic impacts of inadequate infrastructure for software testing},
  journal={National Institute of Standards and Technology, Planning Report 02-3},
  year={2002}
}

@misc{amazon2012aws,
  author={Amazon},
  title={{Summary of the AWS service event in the US East Region}},
  howpublished={\url{http://aws.amazon.com/message/67457/}},
  year={2012}
}

@misc{google2014outage,
  author={Ben Treynor},
  title={{GoogleBlog -- Today's outage for several Google services}},
  howpublished={\url{http://googleblog.blogspot.com/2014/01/todays-outage-for-several-google.html}},
  year={2014}
}

@inproceedings{burckhardt2010pct,
 author={Burckhardt, Sebastian and Kothari, Pravesh and Musuvathi, Madanlal and Nagarakatte, Santosh},
 title={A Randomized Scheduler with Probabilistic Guarantees of Finding Bugs},
 booktitle={{Proceedings of the 15th International Conference on Architectural Support for Programming Languages and Operating Systems}},
 year={2010},
 pages={167--178},
 publisher={ACM}
}

@inproceedings{gunawi2011fate,
 author={Gunawi, Haryadi S. and Do, Thanh and Joshi, Pallavi and Alvaro, Peter and Hellerstein, Joseph M. and Arpaci-Dusseau, Andrea C. and Arpaci-Dusseau, Remzi H. and Sen, Koushik and Borthakur, Dhruba},
 title={{FATE} and {DESTINI}: A Framework for Cloud Recovery Testing},
 booktitle={{Proceedings of the 8th USENIX Conference on Networked Systems Design and Implementation}},
 year={2011},
 pages={238--252},
 publisher={USENIX},
}

@techreport{Desai:EECS-2015-198,
    Author = {Desai, Ankush and Jackson, Ethan and Phanishayee, Amar and Qadeer, Shaz and Seshia, Sanjit A.},
    Title = {Building Reliable Distributed Systems With {P}},
    Institution = {EECS Department, University of California, Berkeley},
    Year = {2015},
    Month = {Sep},
    Number = {UCB/EECS-2015-198}
}

@inproceedings{faleiro2012,
 author={Faleiro, Jose and Rajamani, Sriram and Rajan, Kaushik and Ramalingam, G. and Vaswani, Kapil},
 title={{CS}cale: A Programming Model for Scalable and Reliable Distributed Applications},
 booktitle={Proceedings of the 17th Monterey Conference on Large-Scale Complex IT Systems: Development, Operation and Management},
 year={2012},
 pages={148--156},
 publisher={Springer-Verlag}
}

@inproceedings{Pnueli1977,
  author = {Amir Pnueli},
  title = {The Temporal Logic of Programs},
  booktitle = {Proceedings of the Foundations of Computer Science},
  year = {1977},
  pages = {46--57}
}

@article{ball2011slam,
  author={Thomas Ball and Vladimir Levin and Sriram K. Rajamani},
  title={A decade of software model checking with {SLAM}},
  journal={{Communications of the ACM}},
  volume={54},
  number={7},
  year={2011},
  pages={68-76}
}

@misc{greenberg2015keynote,
  author={Albert Greenberg},
  title={{Keynote: SDN for the Cloud}},
  howpublished={Keynote in the 2015 ACM Conference on Special Interest Group on Data Communication},
  year={2015}
}
